@inproceedings{Sarik-tracebrush,
 author = {Sarik, John and Butler, Alex and Villar, Nicolas, and Scott, James and Hodges, Steve},
 title = {Combining 3{D} printing and printable electronics},
 booktitle = {Proc. TEI 2012},
 year = {2012},
 pages = {?????},
 publisher = {ACM Press},
} 

@inproceedings{Harrison-buttons,
 author = {Harrison, Chris and Hudson, Scott E.},
 title = {Providing Dynamically Changeable Physical Buttons on a Visual Display},
 booktitle = {Proceedings of the SIGCHI Conference on Human Factors in Computing Systems},
 series = {CHI '09},
 year = {2009},
 isbn = {978-1-60558-246-7},
 location = {Boston, MA, USA},
 pages = {299--308},
 numpages = {10},
 url = {http://doi.acm.org/10.1145/1518701.1518749},
 doi = {10.1145/1518701.1518749},
 acmid = {1518749},
 publisher = {ACM},
 address = {New York, NY, USA},
 keywords = {barometric, dashboard, dynamic buttons, eyes-free, haptic, input, multitouch, physical interfaces, pneumatic, pressure, programmatically controlled, rear projection, shape displays, tactile},
} 

@inproceedings{Hashimoto-squirming,
 author = {Hashimoto, Yuki and Kajimoto, Hiroyuki},
 title = {A Novel Interface to Present Emotional Tactile Sensation to a Palm Using Air Pressure},
 booktitle = {CHI '08 Extended Abstracts on Human Factors in Computing Systems},
 series = {CHI EA '08},
 year = {2008},
 isbn = {978-1-60558-012-8},
 location = {Florence, Italy},
 pages = {2703--2708},
 numpages = {6},
 url = {http://doi.acm.org/10.1145/1358628.1358748},
 doi = {10.1145/1358628.1358748},
 acmid = {1358748},
 publisher = {ACM},
 address = {New York, NY, USA},
 keywords = {air pressure, handheld device, living matter, multimodal information, palm, speaker, tactile},
}

@inproceedings{Kim-inflatablemouse,
 author = {Kim, Seoktae and Kim, Hyunjung and Lee, Boram and Nam, Tek-Jin and Lee, Woohun},
 title = {Inflatable Mouse: Volume-adjustable Mouse with Air-pressure-sensitive Input and Haptic Feedback},
 booktitle = {Proceedings of the SIGCHI Conference on Human Factors in Computing Systems},
 series = {CHI '08},
 year = {2008},
 isbn = {978-1-60558-011-1},
 location = {Florence, Italy},
 pages = {211--224},
 numpages = {14},
 url = {http://doi.acm.org/10.1145/1357054.1357090},
 doi = {10.1145/1357054.1357090},
 acmid = {1357090},
 publisher = {ACM},
 address = {New York, NY, USA},
 keywords = {haptic feedback, inflatable user interface, input devices, touch/pressure-sensitive interaction},
} 

@inproceedings{Ono-touchandactivate,
 author = {Ono, Makoto and Shizuki, Buntarou and Tanaka, Jiro},
 title = {Touch \&\#38; Activate: Adding Interactivity to Existing Objects Using Active Acoustic Sensing},
 booktitle = {Proceedings of the 26th Annual ACM Symposium on User Interface Software and Technology},
 series = {UIST '13},
 year = {2013},
 isbn = {978-1-4503-2268-3},
 location = {St. Andrews, Scotland, United Kingdom},
 pages = {31--40},
 numpages = {10},
 url = {http://doi.acm.org/10.1145/2501988.2501989},
 doi = {10.1145/2501988.2501989},
 acmid = {2501989},
 publisher = {ACM},
 address = {New York, NY, USA},
 keywords = {acoustic classification, gestures, grasp, machine learning, piezo-electric sensor, prototyping, sensors, support vector machine, tangibles, touch},
} 

@inproceedings{Iwata-volflex,
 author = {Iwata, Hiroo and Yano, Hiroaki and Ono, Naoto},
 title = {Volflex},
 booktitle = {ACM SIGGRAPH 2005 Emerging Technologies},
 series = {SIGGRAPH '05},
 year = {2005},
 location = {Los Angeles, California},
 articleno = {31},
 url = {http://doi.acm.org/10.1145/1187297.1187329},
 doi = {10.1145/1187297.1187329},
 acmid = {1187329},
 publisher = {ACM},
 address = {New York, NY, USA},
 keywords = {3D shape, haptics, virtual clay},
} 

@misc{Sells-reprap,
  title = {Rapid Prototyped Electronic Circuits},
  author = {Sells, Ed},
  howpublished = {http://fennetic.net/irc/reprap_circuits.pdf},
  year = {Technical Report 2004}
}

@article{Majidi-curvature,
  author = {Majidi, C. and Kramer, R. and Wood, R. J.}, 
  title = {A non-differential elastomer curvature sensor for softer-than-skin electronics},
  journal = {Smart Materials and Structures},
  year = {2011},
  volume = {20},
  number = {},
  pages = {},
  month = {},
  note = {},
  key = {}
}

@article{Navarrette-gps,
  author = {Navarrete, Misael and Lopes, Amit and Acuna, Jacqueline and Estrada, Raul and MacDonald, Eric and Palmer, Jeremy and Wicker, Ryan}, 
  title = {Integraded layered manufacturing of a novel wireless motion sensor system with {GPS}},
  journal = {Technical Report ???},
  year = {2007},
  volume = {},
  number = {},
  pages = {},
  month = {},
  note = {},
  key = {}
}

@misc{Optomec,
  title = {Optomec Machines},
  author = {Optomec},
  howpublished = {http://optomec.com},
  year = {Accessed January 2014}
}

@article{Slyper-pressure,
  author = {Slyper, Ronit and Hodgins, Jessica}, 
  title = {Prototyping Robot Appearance, Movement, and Interactions Using Flexible {3D} Printing and Air Pressure Sensors},
  journal = {IEEE Xplore},
  year = {2012},
  volume = {},
  number = {},
  pages = {},
  month = {},
  note = {},
  key = {}
}

@misc{icecats-conductivepaint,
  title = {Paper Electronics: Conductive Paints, Inks, and More},
  author = {icecats},
  howpublished = {http://www.instructables.com/id/Paper-Electronics-Conductive-Paints-Inks-and-Mo},
  year = {Accessed January 2014}
}

@inproceedings{Follmer-jamming,
 author = {Follmer, Sean and Leithinger, Daniel and Olwal, Alex and Cheng, Nadia and Ishii, Hiroshi},
 title = {Jamming User Interfaces: Programmable Particle Stiffness and Sensing for Malleable and Shape-changing Devices},
 booktitle = {Proceedings of the 25th Annual ACM Symposium on User Interface Software and Technology},
 series = {UIST '12},
 year = {2012},
 isbn = {978-1-4503-1580-7},
 location = {Cambridge, Massachusetts, USA},
 pages = {519--528},
 numpages = {10},
 url = {http://doi.acm.org/10.1145/2380116.2380181},
 doi = {10.1145/2380116.2380181},
 acmid = {2380181},
 publisher = {ACM},
 address = {New York, NY, USA},
 keywords = {haptic feedback, jamming, malleable input, organic user interfaces, variable stiffness},
} 

@article{Park-microchannels,
  author = {Park, Yong-Lae and Chen, Bor-Rong and Wood, Robert J.}, 
  title = {Design and Fabrication of Soft ArtiÔ¨Åcial Skin Using Embedded Microchannels and Liquid Conductors},
  journal = {IEEE Sensors Journal},
  year = {2012},
  volume = {12},
  number = {8},
  pages = {2711-2718},
  month = {August},
  note = {},
  key = {}
}

@inproceedings{Slyper-shape,
 author = {Slyper, Ronit and Poupyrev, Ivan and Hodgins, Jessica},
 title = {Sensing Through Structure: Designing Soft Silicone Sensors},
 booktitle = {Proceedings of the Fifth International Conference on Tangible, Embedded, and Embodied Interaction},
 series = {TEI '11},
 year = {2011},
 isbn = {978-1-4503-0478-8},
 location = {Funchal, Portugal},
 pages = {213--220},
 numpages = {8},
 url = {http://doi.acm.org/10.1145/1935701.1935744},
 doi = {10.1145/1935701.1935744},
 acmid = {1935744},
 publisher = {ACM},
 address = {New York, NY, USA},
 keywords = {bend, controllers, games, sensors},
} 